<?xml version="1.0" encoding="UTF-8"?><collection xmlns="http://www.loc.gov/MARC21/slim"><record><leader>00504nam--2200169-i-4500</leader><controlfield tag="001">000042582</controlfield><controlfield tag="002">20161230</controlfield><controlfield tag="005">20170128190451</controlfield><controlfield tag="008">060222s1000------------r-----000-0-eng-d</controlfield><datafield ind1=" " ind2=" " tag="080"><subfield code="a">546.21.02:546.11.02.2:551.49</subfield></datafield><datafield ind1=" " ind2=" " tag="245"><subfield code="a">Stable isotope hydrology. Deuterium and oxygen-18 in the water cycle. A monography prepared under the aegis of the IAEA/UNESCO</subfield></datafield><datafield ind1=" " ind2=" " tag="260"><subfield code="a">Vienna</subfield><subfield code="b">Iaea</subfield><subfield code="c">1981</subfield></datafield><datafield ind1=" " ind2=" " tag="300"><subfield code="a">339 p</subfield></datafield><datafield ind1=" " ind2=" " tag="490"><subfield code="a">Trs</subfield></datafield><datafield ind1=" " ind2=" " tag="700"><subfield code="a">Gonfiantini, R</subfield></datafield><datafield ind1=" " ind2=" " tag="852"><subfield code="a">1875</subfield></datafield><datafield ind1=" " ind2=" " tag="CAT"><subfield code="a">SYS</subfield><subfield code="c">20170128</subfield><subfield code="h">190451</subfield></datafield></record></collection>